@Article{blackwell1999how,
  author = 	 {Alan F. Blackwell},
  title = 	 {How to format {PPIG} submissions},
  journal = 	 {International Journal of PPIG Administrativia},
  year = 	 1999,
  volume =	 1,
  number = 1,
  pages =	 {1-3}
}